@misc{Documentazione,
  author       = {Wikipedia},
  title        = {{Titolo di wikipedia}},
  howpublished = {\url{https://en.wikipedia.org/wiki/example}},
  year         = {1970-17-12},
  language     = {it}
}